@article{Alvarez2020,
author = {Cabrera-{\'A}lvarez, Mar{\'i}a J. and Clayton, Nicola S.},
title = {Neural processes underlying tool use in humans, macaques, and corvids},
journal = {Frontiers in Psychology},
volume = {11},
pages = {560669},
year = {2020},
url = {https://www.frontiersin.org/articles/10.3389/fpsyg.2020.560669},
doi = {10.3389/fpsyg.2020.560669},
ISSN = {1664-1078}
}

@article{Amico2018,
author = {Amico, Ma\"{\i}lis and Van Keilegom, Ingrid},
title = {Cure Models in Survival Analysis},
journal = {Annual Review of Statistics and Its Application},
volume = {5},
number = {1},
pages = {311-342},
year = {2018},
doi = {10.1146/annurev-statistics-031017-100101},
URL = {https://doi.org/10.1146/annurev-statistics-031017-100101},
eprint = {https://doi.org/10.1146/annurev-statistics-031017-100101}
}

@article{Anderson2003,
author = {Patricia Anderson},
title = {A Bird in the House: An Anthropological Perspective on Companion Parrots},
journal = {Society \& Animals},
year = {2003},
publisher = {Brill},
volume = {11},
number = {4},
doi = {10.1163/156853003322796109},
pages = {393-418},
url = {https://brill.com/view/journals/soan/11/4/article-p393_5.xml}
}

@article{Auersperg2009,
author = {Auersperg, Alice M. I. and Gajdon, Gyula K. and Huber, Ludwig},
title = {Kea (\emph{{N}estor notabilis}) consider spatial relationships between objects in the support problem},
journal = {Biology Letters},
volume = {5},
number = {4},
pages = {455-458},
year = {2009},
doi = {10.1098/rsbl.2009.0114},
URL = {https://royalsocietypublishing.org/doi/abs/10.1098/rsbl.2009.0114},
eprint = {https://royalsocietypublishing.org/doi/pdf/10.1098/rsbl.2009.0114}
}

@article{Auersperg2010,
title = {Kea, \emph{{N}estor notabilis}, produce dynamic relationships between objects in a second-order tool use task},
journal = {Animal Behaviour},
volume = {80},
number = {5},
pages = {783-789},
year = {2010},
issn = {0003-3472},
doi = {10.1016/j.anbehav.2010.08.007},
url = {https://www.sciencedirect.com/science/article/pii/S0003347210003222},
author = {Alice M. I. Auersperg and Gyula K. Gajdon and Ludwig Huber}
}

@article{Auersperg2011a,
author = {Auersperg, Alice M. I. and Huber, Ludwig and Gajdon, Gyula K.},
title = {Navigating a tool end in a specific direction: stick-tool use in kea (\emph{{N}estor notabilis})},
journal = {Biology Letters},
volume = {7},
number = {6},
pages = {825-828},
year = {2011},
doi = {10.1098/rsbl.2011.0388},
URL = {https://royalsocietypublishing.org/doi/abs/10.1098/rsbl.2011.0388},
eprint = {https://royalsocietypublishing.org/doi/pdf/10.1098/rsbl.2011.0388}
}

@article{Auersperg2011b,
doi = {10.1371/journal.pone.0020231},
author = {Auersperg, Alice M. I. and von Bayern, Auguste M. P. and Gajdon, Gyula K. and Huber, Ludwig and Kacelnik, Alex},
journal = {PLOS ONE},
publisher = {Public Library of Science},
title = {Flexibility in problem solving and tool use of kea and {N}ew {C}aledonian crows in a multi access box paradigm},
year = {2011},
volume = {6},
url = {https://doi.org/10.1371/journal.pone.0020231},
pages = {1-8},
number = {6}
}

@article{Auersperg2012,
title = {Spontaneous innovation in tool manufacture and use in a {G}offin’s cockatoo},
journal = {Current Biology},
volume = {22},
number = {21},
pages = {R903-R904},
year = {2012},
issn = {0960-9822},
doi = {10.1016/j.cub.2012.09.002},
url = {https://www.sciencedirect.com/science/article/pii/S0960982212010652},
author = {Alice M. I. Auersperg and Birgit Szabo and Auguste M. P. {von Bayern} and Alex Kacelnik}
}

@article{Auersperg2020,
author = {Alice M. I. Auersperg and Raoul Schwing and Berenika Mioduszewska and Mark O’Hara and Ludwig Huber},
title = {Do puffins use tools?},
journal = {Proceedings of the National Academy of Sciences},
volume = {117},
number = {22},
pages = {11859-11859},
year = {2020},
doi = {10.1073/pnas.2001988117},
URL = {https://www.pnas.org/doi/abs/10.1073/pnas.2001988117},
eprint = {https://www.pnas.org/doi/pdf/10.1073/pnas.2001988117}
}

@manual{Aust2022,
title = {{papaja}: {Prepare} reproducible {APA} journal articles with {R Markdown}},
author = {Frederik Aust and Marius Barth},
year = {2022},
note = {R package version 0.1.1},
url = {https://github.com/crsh/papaja}
}

@article{Bastos2021,
title = {Self-care tooling innovation in a disabled kea (\emph{{N}estor notabilis})},
author = {Bastos, Amalia PM and Horv{\'a}th, Kata and Webb, Jonathan L and Wood, Patrick M and Taylor, Alex H},
journal = {Scientific Reports},
volume = {11},
number = {1},
pages = {18035},
year = {2021},
publisher = {Nature Publishing Group UK London}
}

@article{Benichov2016,
author = {Benichov, Jonathan I. and Globerson, Eitan and Tchernichovski, Ofer},
title = {Finding the Beat: From Socially Coordinated Vocalizations in Songbirds to Rhythmic Entrainment in Humans},
journal = {Frontiers in Human Neuroscience},
volume = {10},
year = {2016},
url = {https://www.frontiersin.org/articles/10.3389/fnhum.2016.00255},
doi = {10.3389/fnhum.2016.00255},
issn = {1662-5161}
}

@article{BentleyCondit2010,
title = {Animal tool use: Current definitions and an updated comprehensive catalog},
author = {Bentley-Condit, Vicki and Smith, E. O.},
journal = {Behaviour},
volume = {147},
number = {2},
pages = {185-32A},
year = {2010},
publisher = {Brill},
doi = {10.1163/000579509X12512865686555}
}

@incollection{Bercovitz1987,
author = {Bercovitz, A. B.},
title = {Avian sex identification techniques},
year = {1987},
editor = {Burr, E. W.},
booktitle = {Companion bird medicine},
publisher = {Iowa State University Press},
address = {Ames, IA}
}

@article{Borsari2005,
title = {Preliminary observations of tool use in captive hyacinth macaws (\emph{{A}nodorhynchus hyacinthinus})},
author = {Borsari, Andressa and Ottoni, Eduardo B},
journal = {Animal Cognition},
volume = {8},
pages = {48-52},
year = {2005},
publisher = {Springer},
doi = {10.1007/s10071-004-0221-3}
}

@article{BroJorgensen2010,
author = {Bro-J{\o}rgensen, Jakob and Pangle, Wiline M.},
title = {Male Topi Antelopes Alarm Snort Deceptively to Retain Females for Mating},
journal = {The American Naturalist},
volume = {176},
number = {1},
pages = {E33-E39},
year = {2010},
doi = {10.1086/653078},
note ={PMID: 20477537},
URL = {https://doi.org/10.1086/653078},
eprint = {https://doi.org/10.1086/653078}
}

@article{Burgio2019,
title = {Phylogenetic supertree and functional trait database for all extant parrots},
journal = {Data in Brief},
volume = {24},
pages = {103882},
year = {2019},
issn = {2352-3409},
doi = {10.1016/j.dib.2019.103882},
url = {https://www.sciencedirect.com/science/article/pii/S2352340919302331},
author = {Kevin R. Burgio and Katie E. Davis and Lindsay M. Dreiss and Laura M. Cisneros and Brian T. Klingbeil and Steven J. Presley and Michael R. Willig}
}

@article{Byrne1988,
title = {Toward the next generation in data quality: A new survey of primate tactical deception},
volume = {11},
doi = {10.1017/S0140525X00049955},
number = {2},
journal = {Behavioral and Brain Sciences},
publisher = {Cambridge University Press},
author = {Byrne, R. W. and Whiten, A.},
year = {1988},
pages = {267-273}
}

@inbook{Byrne1991,
author = {Byrne, R. W. and Whiten, A.},
year = {1991},
title = {Computation and mindreading in primate tactical deception},
editor = {Whiten, A.},
booktitle = {Natural theories of mind: Evolution, development and simulation of everyday mindreading},
pages = {127-141},
publisher = {Basil Blackwell}
}

@article{Carrete2008,
author = {Carrete, Martina and Tella, Jos{\'e}L},
title = {Wild-bird trade and exotic invasions: a new link of conservation concern?},
journal = {Frontiers in Ecology and the Environment},
volume = {6},
number = {4},
pages = {207-211},
doi = {10.1890/070075},
url = {https://esajournals.onlinelibrary.wiley.com/doi/abs/10.1890/070075},
eprint = {https://esajournals.onlinelibrary.wiley.com/doi/pdf/10.1890/070075},
year = {2008}
}

@article{Debastiani2021,
title = {Using phylogenetic information to impute missing functional trait values in ecological databases},
journal = {Ecological Informatics},
volume = {63},
pages = {101315},
year = {2021},
issn = {1574-9541},
doi = {10.1016/j.ecoinf.2021.101315},
url = {https://www.sciencedirect.com/science/article/pii/S1574954121001060},
author = {Vanderlei J. Debastiani and Vinicius A.G. Bastazini and Val{\'e}rio D. Pillar}
}

@article{Dickinson2010,
author = {Dickinson, Janis L. and Zuckerberg, Benjamin and Bonter, David N.},
title = {Citizen science as an ecological research Tool: Challenges and benefits},
journal = {Annual Review of Ecology, Evolution, and Systematics},
volume = {41},
number = {1},
pages = {149-172},
year = {2010},
doi = {10.1146/annurev-ecolsys-102209-144636}
}

@article{Drews2001,
author = {Carlos Drews},
title = {Wild animals and other pets kept in {C}osta {R}ican households: Incidence, species and numbers},
journal = {Society \& Animals},
year = {2001},
publisher = {Brill},
volume = {9},
number = {2},
doi = {10.1163/156853001753639233},
pages = {107-126},
url = {https://brill.com/view/journals/soan/9/2/article-p107_1.xml}
}

@article{Ducatez2014,
title = {Patterns of research effort in birds},
author = {Ducatez, Simon and Lefebvre, Louis},
journal = {PLOS ONE},
volume = {9},
number = {2},
pages = {e89955},
year = {2014},
publisher = {Public Library of Science San Francisco, USA},
doi = {10.1371/journal.pone.0089955}
}

@article{Ducatez2015,
author = {Ducatez, Simon and Clavel, Joanne and Lefebvre, Louis},
title = {Ecological generalism and behavioural innovation in birds: technical intelligence or the simple incorporation of new foods?},
journal = {Journal of Animal Ecology},
volume = {84},
number = {1},
pages = {79-89},
doi = {10.1111/1365-2656.12255},
url = {https://besjournals.onlinelibrary.wiley.com/doi/abs/10.1111/1365-2656.12255},
eprint = {https://besjournals.onlinelibrary.wiley.com/doi/pdf/10.1111/1365-2656.12255},
year = {2015}
}

@article{Eckert2020,
author = {Eckert, Johanna and Winkler, Sasha L. and Cartmill, Erica A.},
title = {Just kidding: the evolutionary roots of playful teasing},
journal = {Biology Letters},
volume = {16},
number = {9},
pages = {20200370},
year = {2020},
doi = {10.1098/rsbl.2020.0370},
URL = {https://royalsocietypublishing.org/doi/abs/10.1098/rsbl.2020.0370},
eprint = {https://royalsocietypublishing.org/doi/pdf/10.1098/rsbl.2020.0370}
}

@article{Finn2009,
title = {Defensive tool use in a coconut-carrying octopus},
journal = {Current Biology},
volume = {19},
number = {23},
pages = {R1069-R1070},
year = {2009},
issn = {0960-9822},
doi = {10.1016/j.cub.2009.10.052},
url = {https://www.sciencedirect.com/science/article/pii/S0960982209019149},
author = {Julian K. Finn and Tom Tregenza and Mark D. Norman}
}

@article{Flammer2001,
ISSN = {10826742},
URL = {http://www.jstor.org/stable/30134184},
author = {Keven Flammer and Debbie Whitt-Smith and Mark Papich},
journal = {Journal of Avian Medicine and Surgery},
number = {4},
pages = {276-282},
publisher = {Association of Avian Veterinarians},
title = {Plasma Concentrations of Doxycycline in Selected Psittacine Birds When Administered in Water for Potential Treatment of \emph{{C}hlamydophila psittaci} Infection},
doi = {10.1647/1082-6742(2001)015[0276:PCODIS]2.0.CO;2},
volume = {15},
year = {2001}
}

@incollection{Fragaszy2018,
title = {Tooling},
editor = {Marc Naguib and Louise Barrett and Susan D. Healy and Jeffrey Podos and Leigh W. Simmons and Marlene Zuk},
series = {Advances in the Study of Behavior},
publisher = {Academic Press},
volume = {50},
pages = {177-241},
year = {2018},
issn = {0065-3454},
doi = {10.1016/bs.asb.2018.01.001},
url = {https://www.sciencedirect.com/science/article/pii/S0065345418300019},
author = {Dorothy M. Fragaszy and Madhur Mangalam}
}

@article{ggtree,
title = {{ggtree}: an {R} package for visualization and annotation of phylogenetic trees with their covariates and other associated data},
author = {Guangchuang Yu and David Smith and Huachen Zhu and Yi Guan and Tommy Tsan-Yuk Lam},
year = {2017},
journal = {Methods in Ecology and Evolution},
volume = {8},
issue = {1},
pages = {28-36},
doi = {10.1111/2041-210X.12628},
url = {http://onlinelibrary.wiley.com/doi/10.1111/2041-210X.12628/abstract},
}

@webpage{GlobalGfkSurvey,
url = {http://www.gfk.com/global-studies/global-studies-pet-ownership},
year = {2016},
title = {Global GfK survey: Pet ownership}
}

@article{Goodall1964,
title = {Tool-using and aimed throwing in a community of free-living chimpanzees},
author = {Goodall, Jane},
journal = {Nature},
volume = {201},
number = {4926},
pages = {1264--1266},
year = {1964},
publisher = {Nature Publishing Group UK London}
}

@incollection{Goodall1971,
title = {Tool-using in primates and other vertebrates},
editor = {Daniel S. Lehrman and Robert A. Hinde and Evelyn Shaw},
series = {Advances in the Study of Behavior},
publisher = {Academic Press},
volume = {3},
pages = {195-249},
year = {1971},
issn = {0065-3454},
doi = {10.1016/S0065-3454(08)60157-6},
url = {https://www.sciencedirect.com/science/article/pii/S0065345408601576},
author = {Goodall, Jane}
}

@article{Goodman2018,
title = {Habitual tool use innovated by free-living {N}ew {Z}ealand kea},
author = {Goodman, Matthew and Hayward, Thomas and Hunt, Gavin R},
journal = {Scientific Reports},
volume = {8},
number = {1},
pages = {13935},
year = {2018},
publisher = {Nature Publishing Group UK London},
doi = {10.1038/s41598-018-32363-9}
}

@article{Healy2007,
author = {Healy, Susan D  and Rowe, Candy},
title = {A critique of comparative studies of brain size},
journal = {Proceedings of the Royal Society B: Biological Sciences},
volume = {274},
number = {1609},
pages = {453-464},
year = {2007},
doi = {10.1098/rspb.2006.3748},
URL = {https://royalsocietypublishing.org/doi/abs/10.1098/rspb.2006.3748},
eprint = {https://royalsocietypublishing.org/doi/pdf/10.1098/rspb.2006.3748}
}

@article{Heinsohn2017,
title = {Tool-assisted rhythmic drumming in palm cockatoos shares key elements of human instrumental music},
author = {Heinsohn, Robert and Zdenek, Christina N and Cunningham, Ross B and Endler, John A and Langmore, Naomi E},
journal = {Science Advances},
volume = {3},
number = {6},
pages = {e1602399},
year = {2017},
publisher = {American Association for the Advancement of Science},
doi = {10.1126/sciadv.1602399}
}

@article{HenkeVonDerMalsburg2020,
title = {Linking ecology and cognition: does ecological specialisation predict cognitive test performance?},
author = {Henke-von der Malsburg, Johanna and Kappeler, Peter M and Fichtel, Claudia},
journal = {Behavioral Ecology and Sociobiology},
volume = {74},
number = {12},
pages = {154},
year = {2020},
publisher = {Springer}
}

@article{HenkeVonDerMalsburg2021,
author = {Henke-von der Malsburg, Johanna and Kappeler, Peter M. and Fichtel, Claudia},
title = {Linking cognition to ecology in wild sympatric mouse lemur species},
journal = {Proceedings of the Royal Society B: Biological Sciences},
volume = {288},
number = {1963},
pages = {20211728},
year = {2021},
doi = {10.1098/rspb.2021.1728},
URL = {https://royalsocietypublishing.org/doi/abs/10.1098/rspb.2021.1728},
eprint = {https://royalsocietypublishing.org/doi/pdf/10.1098/rspb.2021.1728}
}

@book{Hoyo2011,
title = {Handbook of the birds of the world},
author = {Hoyo, J. D. and Bierregaard, R.},
year = {2011},
address = {Barcelona, Spain},
publisher = {Lynx Edicions}
}

@article{Hunt1996,
title = {Manufacture and use of hook-tools by {N}ew {C}aledonian crows},
author = {Hunt, Gavin R},
journal = {Nature},
volume = {379},
number = {6562},
pages = {249-251},
year = {1996},
publisher = {Nature Publishing Group},
doi = {10.1038/379249a0}
}

@inbook{Hunt2013,
place = {Cambridge},
title = {Why is tool use rare in animals?},
doi = {10.1017/CBO9780511894800.007},
booktitle = {Tool Use in Animals: Cognition and Ecology},
publisher = {Cambridge University Press},
author = {Hunt, Gavin R. and Gray, Russell D. and Taylor, Alex H.},
editor = {Sanz, Crickette M. and Call, Josep and Boesch, Christophe},
year = {2013},
pages = {89-118}
}

@article{Iwaniuk2005,
title = {Interspecific allometry of the brain and brain regions in parrots ({P}sittaciformes): comparisons with other birds and primates},
author = {Iwaniuk, Andrew N and Dean, Karen M and Nelson, John E},
journal = {Brain, Behavior and Evolution},
volume = {65},
number = {1},
pages = {40-59},
year = {2005},
publisher = {Karger Publishers}
}

@article{Janzen1976,
title = {Tool-using by the {A}frican grey parrot (\emph{{P}sittacus erithacus})},
author = {Janzen, M. J. and Janzen, D. H. and Pond, C. M.},
year = {1976},
journal = {Biotropica},
volume = {8},
number = {1},
pages = {70}
}

@book{Jerison1973,
author = {Jerison, H. J.},
title = {Evolution of the brain and intelligence},
year = {1973},
publisher = {Academic Press},
address = {New York, NY}
}

@article{Jetz2012,
title = {The global diversity of birds in space and time},
author = {Jetz, Walter and Thomas, Gavin H and Joy, Jeffrey B and Hartmann, Klaas and Mooers, Arne O},
journal = {Nature},
volume = {491},
number = {7424},
pages = {444-448},
year = {2012},
publisher = {Nature Publishing Group UK London}
}

@webpage{Kelly2014,
title = {How many captive birds: Are population studies giving us a clear picture?},
author = {Kelly, D. and McCarthy, E. and Menzel, K. and Engebretson, M.},
year = {2014},
publisher = {{The Avian Welfare Coalition}},
url = {https://www.avianwelfare.org/issues/overview.htm}
}

@article{Krueger2019,
doi = {10.1371/journal.pone.0218954},
author = {Krueger, Konstanze and Esch, Laureen and Byrne, Richard},
journal = {PLOS ONE},
publisher = {Public Library of Science},
title = {Animal behaviour in a human world: A crowdsourcing study on horses that open door and gate mechanisms},
year = {2019},
volume = {14},
url = {https://doi.org/10.1371/journal.pone.0218954},
pages = {1-20},
number = {6}
}

@inproceedings{Kleinberger2023,
author = {Kleinberger, Rebecca and Cunha, Jennifer and Vemuri, Megha M and Hirskyj-Douglas, Ilyena},
title = {Birds of a Feather Video-Flock Together: Design and Evaluation of an Agency-Based Parrot-to-Parrot Video-Calling System for Interspecies Ethical Enrichment},
year = {2023},
isbn = {9781450394215},
publisher = {Association for Computing Machinery},
address = {New York, NY, USA},
url = {https://doi.org/10.1145/3544548.3581166},
doi = {10.1145/3544548.3581166},
booktitle = {Proceedings of the 2023 CHI Conference on Human Factors in Computing Systems},
articleno = {534},
numpages = {16},
keywords = {Avian, Interspecies Interaction, Enrichment, Parrots, Animal Internet, Animal Enrichment, Animal-Computer Interactions, Video Call},
location = {Hamburg, Germany},
series = {CHI '23}
}

@article{Klump2021,
author = {Barbara C. Klump and John M. Martin and Sonja Wild and Jana K. H{\"o}rsch and Richard E. Major and Lucy M. Aplin},
title = {Innovation and geographic spread of a complex foraging culture in an urban parrot},
journal = {Science},
volume = {373},
number = {6553},
pages = {456-460},
year = {2021},
doi = {10.1126/science.abe7808},
URL = {https://www.science.org/doi/abs/10.1126/science.abe7808},
eprint = {https://www.science.org/doi/pdf/10.1126/science.abe7808}
}

@article{Klump2022,
title = {Is bin-opening in cockatoos leading to an innovation arms race with humans?},
author = {Klump, Barbara C and Major, Richard E and Farine, Damien R and Martin, John M and Aplin, Lucy M},
journal = {Current Biology},
volume = {32},
number = {17},
pages = {R910-R911},
year = {2022},
publisher = {Elsevier}
}

@article{Lambert2015,
author = {Lambert, Megan L. and Seed, Amanda M. and Slocombe, Katie E.},
title = {A novel form of spontaneous tool use displayed by several captive greater vasa parrots (\emph{{C}oracopsis vasa})},
journal = {Biology Letters},
volume = {11},
number = {12},
pages = {20150861},
year = {2015},
doi = {10.1098/rsbl.2015.0861},
URL = {https://royalsocietypublishing.org/doi/abs/10.1098/rsbl.2015.0861},
eprint = {https://royalsocietypublishing.org/doi/pdf/10.1098/rsbl.2015.0861}
}

@article{Landau2021,
title = {The targets {R} package: a dynamic {M}ake-like function-oriented pipeline toolkit for reproducibility and high-performance computing},
author = {William Michael Landau},
journal = {Journal of Open Source Software},
year = {2021},
volume = {6},
number = {57},
pages = {2959},
url = {https://doi.org/10.21105/joss.02959},
doi = {10.21105/joss.02959}
}

@article{Lefebvre2002,
author = {Louis Lefebvre and Nektaria Nicolakakis and Denis Boire},
title = {Tools and brains in birds},
journal = {Behaviour},
year = {2002},
publisher = {Brill},
volume = {139},
number = {7},
doi = {10.1163/156853902320387918},
pages = {939-973},
url = {https://brill.com/view/journals/beh/139/7/article-p939_6.xml}
}

@article{Lefebvre2011,
author = {Lefebvre, Louis},
title = {Taxonomic counts of cognition in the wild},
journal = {Biology Letters},
volume = {7},
number = {4},
pages = {631-633},
year = {2011},
doi = {10.1098/rsbl.2010.0556},
URL = {https://royalsocietypublishing.org/doi/abs/10.1098/rsbl.2010.0556},
eprint = {https://royalsocietypublishing.org/doi/pdf/10.1098/rsbl.2010.0556}
}

@article{Lefebvre2004,
title = {Brains, innovations and evolution in birds and primates},
author = {Lefebvre, Louis and Reader, Simon M and Sol, Daniel},
journal = {Brain, Behavior and Evolution},
volume = {63},
number = {4},
pages = {233-246},
year = {2004},
publisher = {Karger Publishers},
doi = {10.1159/000076784}
}

@article{Lefebvre1997,
title = {Feeding innovations and forebrain size in birds},
journal = {Animal Behaviour},
volume = {53},
number = {3},
pages = {549-560},
year = {1997},
issn = {0003-3472},
doi = {10.1006/anbe.1996.0330},
url = {https://www.sciencedirect.com/science/article/pii/S0003347296903309},
author = {Louis Lefebvre and Patrick Whittle and Evan Lascaris and Adam Finkelstein}
}

@article{Li2014,
doi = {10.1371/journal.pone.0085012},
author = {Li, Linlin and Jiang, Zhigang},
journal = {PLOS ONE},
publisher = {Public Library of Science},
title = {International trade of {CITES} listed bird species in {C}hina},
year = {2014},
volume = {9},
url = {https://doi.org/10.1371/journal.pone.0085012},
pages = {1-8},
number = {2}
}

@article{Logan2018,
title = {Beyond brain size: Uncovering the neural correlates of behavioral and cognitive specialization},
author = {Logan, Corina J and Avin, Shahar and Boogert, Neeltje and Buskell, Andrew and Cross, Fiona R and Currie, Adrian and Jelbert, Sarah and Lukas, Dieter and Mares, Rafael and Navarrete, Ana F and Shigeno, Shuichi and Montgomery, Stephen H},
journal = {Comparative Cognition \& Behavior Reviews},
year = {2018},
volume = {13},
pages = {55-89},
publisher = {The Comparative Cognition Society},
doi = {10.3819/CCBR.2018.130008}
}

@article{MacLean2012,
title = {How does cognition evolve? Phylogenetic comparative psychology},
author = {MacLean, Evan L and Matthews, Luke J and Hare, Brian A and Nunn, Charles L and Anderson, Rindy C and Aureli, Filippo and Brannon, Elizabeth M and Call, Josep and Drea, Christine M and Emery, Nathan J and others},
journal = {Animal Cognition},
volume = {15},
pages = {223-238},
year = {2012},
publisher = {Springer},
doi = {10.1007/s10071-011-0448-8}
}

@article{Mazengenya2018,
author = {Mazengenya, Pedzisai and Bhagwandin, Adhil and Manger, Paul R. and Ihunwo, Amadi O.}, title = {Putative Adult Neurogenesis in {O}ld {W}orld Parrots: The {C}ongo {A}frican Grey Parrot (\emph{{P}sittacus erithacus}) and {T}imneh Grey Parrot (\emph{{P}sittacus timneh})},
journal = {Frontiers in Neuroanatomy},
volume = {12},
year = {2018},
url = {https://www.frontiersin.org/articles/10.3389/fnana.2018.00007},
doi = {10.3389/fnana.2018.00007},
ISSN = {1662-5129},
pages = {7}
}

@book{McElreath2020,
author = {McElreath, Richard},
Publisher = {CRC Press},
Title = {Statistical Rethinking: A {Bayesian} Course with Examples in {R} and {Stan}, 2nd Edition},
Edition = {2},
Year = {2020},
URL = {http://xcelab.net/rm/statistical-rethinking/}
}

@article{MettkeHofmann2014,
author = {Mettke-Hofmann, Claudia},
title = {Cognitive ecology: ecological factors, life-styles, and cognition},
journal = {WIREs Cognitive Science},
volume = {5},
number = {3},
pages = {345-360},
doi = {10.1002/wcs.1289},
url = {https://wires.onlinelibrary.wiley.com/doi/abs/10.1002/wcs.1289},
eprint = {https://wires.onlinelibrary.wiley.com/doi/pdf/10.1002/wcs.1289},
year = {2014}
}

@article{Nelson2013,
title = {The use of visual media as a tool for investigating animal behaviour},
journal = {Animal Behaviour},
volume = {85},
number = {3},
pages = {525-536},
year = {2013},
issn = {0003-3472},
doi = {10.1016/j.anbehav.2012.12.009},
url = {https://www.sciencedirect.com/science/article/pii/S0003347212005581},
author = {Ximena J. Nelson and Natasha Fijn}
}

@article{OHara2021,
title = {Wild {G}offin's cockatoos flexibly manufacture and use tool sets},
journal = {Current Biology},
volume = {31},
number = {20},
pages = {4512-4520.e6},
year = {2021},
issn = {0960-9822},
doi = {10.1016/j.cub.2021.08.009},
url = {https://www.sciencedirect.com/science/article/pii/S0960982221011118},
author = {Mark O'Hara and Berenika Mioduszewska and Roger Mundry and Yohanna and Tri Haryoko and Rini Rachmatika and Dewi M. Prawiradilaga and Ludwig Huber and Alice M. I. Auersperg}
}

@article{Olkowicz2016,
author = {Seweryn Olkowicz and Martin Kocourek and Radek K. Lu{\v c}an and Michal Porte{\v s} and W. Tecumseh Fitch and Suzana Herculano-Houzel and Pavel N{\v e}mec},
title = {Birds have primate-like numbers of neurons in the forebrain},
journal = {Proceedings of the National Academy of Sciences},
volume = {113},
number = {26},
pages = {7255-7260},
year = {2016},
doi = {10.1073/pnas.1517131113},
URL = {https://www.pnas.org/doi/abs/10.1073/pnas.1517131113},
eprint = {https://www.pnas.org/doi/pdf/10.1073/pnas.1517131113}
}

@article{Overington2011,
author = {Overington, Sarah E. and Griffin, Andrea S. and Sol, Daniel and Lefebvre, Louis},
title = {Are innovative species ecological generalists? A test in {N}orth {A}merican birds},
journal = {Behavioral Ecology},
volume = {22},
number = {6},
pages = {1286-1293},
year = {2011},
issn = {1045-2249},
doi = {10.1093/beheco/arr130},
url = {https://doi.org/10.1093/beheco/arr130},
eprint = {https://academic.oup.com/beheco/article-pdf/22/6/1286/17281762/arr130.pdf},
}

@article{Paradis2019,
title = {{ape} 5.0: an environment for modern phylogenetics and evolutionary analyses in {R}},
author = {Emmanuel Paradis and Klaus Schliep},
journal = {Bioinformatics},
year = {2019},
volume = {35},
pages = {526-528},
doi = {10.1093/bioinformatics/bty633}
}

@article{Patel2009,
title = {Experimental Evidence for Synchronization to a Musical Beat in a Nonhuman Animal},
journal = {Current Biology},
volume = {19},
number = {10},
pages = {827-830},
year = {2009},
issn = {0960-9822},
doi = {10.1016/j.cub.2009.03.038},
url = {https://www.sciencedirect.com/science/article/pii/S0960982209008902},
author = {Aniruddh D. Patel and John R. Iversen and Micah R. Bregman and Irena Schulz}
}

@article{phytools,
title = {{phytools}: An {R} package for phylogenetic comparative biology (and other things)},
author = {Liam J. Revell},
journal = {Methods in Ecology and Evolution},
year = {2012},
volume = {3},
pages = {217-223},
doi = {10.1111/j.2041-210X.2011.00169.x},
}

@article{Powell2017,
author = {Powell, Lauren E. and Isler, Karin and Barton, Robert A.},
title = {Re-evaluating the link between brain size and behavioural ecology in primates},
journal = {Proceedings of the Royal Society B: Biological Sciences},
volume = {284},
number = {1865},
pages = {20171765},
year = {2017},
doi = {10.1098/rspb.2017.1765},
URL = {https://royalsocietypublishing.org/doi/abs/10.1098/rspb.2017.1765},
eprint = {https://royalsocietypublishing.org/doi/pdf/10.1098/rspb.2017.1765}
}

@manual{RCoreTeam,
title = {R: A Language and Environment for Statistical Computing},
author = {{R Core Team}},
organization = {R Foundation for Statistical Computing},
address = {Vienna, Austria},
year = {2022},
url = {https://www.R-project.org/}
}

@article{Reader2002,
author = {Simon M. Reader and Kevin N. Laland },
title = {Social intelligence, innovation, and enhanced brain size in primates},
journal = {Proceedings of the National Academy of Sciences},
volume = {99},
number = {7},
pages = {4436-4441},
year = {2002},
doi = {10.1073/pnas.062041299},
URL = {https://www.pnas.org/doi/abs/10.1073/pnas.062041299},
eprint = {https://www.pnas.org/doi/pdf/10.1073/pnas.062041299}
}

@article{Sandor2020,
author = {S{\'a}ndor, Krisztina and Mikl{\'o}si, {\'A}d{\'a}m},
title = {How to Report Anecdotal Observations? A New Approach Based on a Lesson From "Puffin Tool Use"},
journal = {Frontiers in Psychology},
volume = {11},
pages = {555487},
year = {2020},
url = {https://www.frontiersin.org/articles/10.3389/fpsyg.2020.555487},
doi = {10.3389/fpsyg.2020.555487},
issn = {1664-1078}
}

@article{Schmidt1989,
title = {Predicting criminal recidivism using ‘split population’ survival time models},
journal = {Journal of Econometrics},
volume = {40},
number = {1},
pages = {141-159},
year = {1989},
issn = {0304-4076},
doi = {10.1016/0304-4076(89)90034-1},
url = {https://www.sciencedirect.com/science/article/pii/0304407689900341},
author = {Peter Schmidt and Ann Dryden Witte}
}

@article{Schuck2008,
title = {Cognition in an ever-changing world: climatic variability is associated with brain size in neotropical parrots},
author = {Schuck-Paim, Cynthia and Alonso, Wladimir J and Ottoni, Eduardo B},
journal = {Brain, Behavior and Evolution},
volume = {71},
number = {3},
pages = {200-215},
year = {2008},
publisher = {Karger Publishers},
doi = {10.1159/000119710}
}

@article{Seed2010,
title = {Animal tool-use},
journal = {Current Biology},
volume = {20},
number = {23},
pages = {R1032-R1039},
year = {2010},
issn = {0960-9822},
doi = {10.1016/j.cub.2010.09.042},
url = {https://www.sciencedirect.com/science/article/pii/S0960982210011607},
author = {Amanda Seed and Richard Byrne}
}

@book{Shumaker2011,
title = {Animal tool behavior: The use and manufacture of tools by animals},
author = {Robert W. Shumaker and Kristina R. Walkup and Benjamin B. Beck and Gordon M. Burghardt},
publisher = {Johns Hopkins University Press},
address = {Baltimore, MD},
doi = {10.1353/book.98237}
}

@article{Silva2017,
title = {A new parrot taxon from the {Y}ucat{\'a}n {P}eninsula, {M}exico—its position within genus \emph{{A}mazona} based on morphology and molecular phylogeny},
author = {Silva, Tony and Guzm{\'a}n, Antonio and Urant{\'o}wka, Adam D and Mackiewicz, Pawe{\l}},
journal = {PeerJ},
volume = {5},
pages = {e3475},
year = {2017},
publisher = {PeerJ Inc.},
doi = {10.7717/peerj.3475}
}

@article{Smolker1997,
author = {Smolker, Rachel and Richards, Andrew and Connor, Richard and Mann, Janet and Berggren, Per},
title = {Sponge carrying by dolphins ({D}elphinidae, \emph{{T}ursiops} sp.): A foraging specialization involving tool use?},
journal = {Ethology},
volume = {103},
number = {6},
pages = {454-465},
doi = {10.1111/j.1439-0310.1997.tb00160.x},
url = {https://onlinelibrary.wiley.com/doi/abs/10.1111/j.1439-0310.1997.tb00160.x},
eprint = {https://onlinelibrary.wiley.com/doi/pdf/10.1111/j.1439-0310.1997.tb00160.x},
year = {1997}
}

@article{Sol2005,
author = {Daniel Sol and Richard P. Duncan and Tim M. Blackburn and Phillip Cassey and Louis Lefebvre},
title = {Big brains, enhanced cognition, and response of birds to novel environments},
journal = {Proceedings of the National Academy of Sciences},
volume = {102},
number = {15},
pages = {5460-5465},
year = {2005},
doi = {10.1073/pnas.0408145102},
URL = {https://www.pnas.org/doi/abs/10.1073/pnas.0408145102},
eprint = {https://www.pnas.org/doi/pdf/10.1073/pnas.0408145102}
}

@article{Sol2009,
author = {Sol, Daniel},
title = {Revisiting the cognitive buffer hypothesis for the evolution of large brains},
journal = {Biology Letters},
volume = {5},
number = {1},
pages = {130-133},
year = {2009},
doi = {10.1098/rsbl.2008.0621},
URL = {https://royalsocietypublishing.org/doi/abs/10.1098/rsbl.2008.0621},
eprint = {https://royalsocietypublishing.org/doi/pdf/10.1098/rsbl.2008.0621}
}

@article{Sol2022,
title = {Neuron numbers link innovativeness with both absolute and relative brain size in birds},
author = {Sol, Daniel and Olkowicz, Seweryn and Sayol, Ferran and Kocourek, Martin and Zhang, Yicheng and Marhounov{\'a}, Lucie and Osadnik, Christin and Corssmit, Eva and Garcia-Porta, Joan and Martin, Thomas E and others},
journal = {Nature Ecology \& Evolution},
volume = {6},
number = {9},
pages = {1381--1389},
year = {2022},
publisher = {Nature Publishing Group UK London}
}

@misc{Stan2020,
title = {{RStan}: the {R} interface to {Stan}},
author = {{Stan Development Team}},
year = {2020},
url = {http://mc-stan.org/},
}

@article{Su2015,
doi = {10.1371/journal.pone.0127482},
author = {Su, Shan and Cassey, Phillip and Vall-llosera, Miquel and Blackburn, Tim M.},
journal = {PLOS ONE},
publisher = {Public Library of Science},
title = {Going cheap: Determinants of bird price in the {T}aiwanese pet market},
year = {2015},
volume = {10},
url = {https://doi.org/10.1371/journal.pone.0127482},
pages = {1-17},
number = {5}
}

@article{tenCate2016,
author = {{ten Cate}, Carel and Spierings, Michelle and Hubert, Jeroen and Honing, Henkjan},
title = {Can Birds Perceive Rhythmic Patterns? A Review and Experiments on a Songbird and a Parrot Species},
journal = {Frontiers in Psychology},
volume = {7},
year = {2016},
url = {https://www.frontiersin.org/articles/10.3389/fpsyg.2016.00730},
doi = {10.3389/fpsyg.2016.00730},
issn = {1664-1078}
}

@book{Wallace1869,
author = {Wallace, Alfred Russel},
year = {1869},
title = {The {M}alay {A}rchipelago: the land of the orang-utan and the bird of paradise; a narrative of travel, with the studies of man and nature},
publisher = {MacMillan and Co.},
address = {London, UK}
}

@book{Wickham2016,
author = {Hadley Wickham},
title = {{ggplot2}: Elegant Graphics for Data Analysis},
publisher = {Springer-Verlag New York},
year = {2016},
isbn = {978-3-319-24277-4},
url = {https://ggplot2.tidyverse.org}
}

@manual{Wilke2020,
title = {{cowplot}: Streamlined Plot Theme and Plot Annotations for 'ggplot2'},
author = {Claus O. Wilke},
year = {2020},
note = {R package version 1.1.1},
url = {https://CRAN.R-project.org/package=cowplot}
}

@misc{Wilman2016,
title = {EltonTraits 1.0: Species-level foraging attributes of the world's birds and mammals},
url = {https://wiley.figshare.com/collections/EltonTraits_1_0_Species-level_foraging_attributes_of_the_world_s_birds_and_mammals/3306933/1},
doi = {10.6084/m9.figshare.c.3306933.v1},
publisher = {Wiley},
author = {Wilman, Hamish and Belmaker, Jonathan and Simpson, Jennifer and de la Rosa, Carolina and Rivadeneira, Marcelo M. and Jetz, Walter},
year = {2016},
month = {Aug}
}

@article{Wilson2016,
title = {Rhythmic entrainment: why humans want to, fireflies can’t help it, pet birds try, and sea lions have to be bribed},
author = {Wilson, Margaret and Cook, Peter F},
journal = {Psychonomic Bulletin \& Review},
volume = {23},
pages = {1647-1659},
year = {2016},
publisher = {Springer},
doi = {10.3758/s13423-016-1013-x}
}

@article{Young2012,
author = {Young, A. M. and Hobson, E. A. and Lackey, L. Bingaman and Wright, T. F.},
title = {Survival on the ark: life-history trends in captive parrots},
journal = {Animal Conservation},
volume = {15},
number = {1},
pages = {28-43},
doi = {10.1111/j.1469-1795.2011.00477.x},
url = {https://zslpublications.onlinelibrary.wiley.com/doi/abs/10.1111/j.1469-1795.2011.00477.x},
eprint = {https://zslpublications.onlinelibrary.wiley.com/doi/pdf/10.1111/j.1469-1795.2011.00477.x},
year = {2012}
}
